% Kontrolle über die Bibliography Style, damit alle im .bib angegebenen Informationen auch angezeigt werden,
% und es immernoch im Style : [1][2][3]... bleibt
%https://tex.stackexchange.com/questions/592594/ieeetran-bstcontrol-does-not-work
@IEEEtranBSTCTL{IEEEexample:BSTcontrol,
  CTLuse_url = "yes",
  CTLuse_doi = "yes",
  CTLuse_eprint = "yes",
  CTLuse_article_title = "yes"
}

@misc{ns3-simu,
  title        = {a discrete-event network simulator for Internet systems},
  url         = {https://www.nsnam.org/},
  note         = {Version 3.45}
}

@misc{DE-CIX2025,
   author = {DE-CIX},
   year = {2025},
   title = {Traffic Statistics Frankfurt},
   publisher = {DE-CIX},
   address = {Frankfurt am Main, Deutschland},
   note = {Letzter Zugriff: \today},
   url = {https://www.de-cix.net/en/locations/frankfurt/statistics}
   
}

@misc{ns3BBR,

   author = {Aarti Nandagiri, Vivek Jain, Mohit P. Tahiliani},
   title = {TCP BBR Example},
   year = {2020},
   note = {Copyright (c) 2018-20 NITK Surathkal},
   url = {https://github.com/nsnam/ns-3-dev-git/blob/master/examples/tcp/tcp-bbr-example.cc}

}

@misc{geantBBR,
  author = { Konstantin Lepikhov,  Simon Leinen},
  howpublished = {},
  title = {BBR TCP (Bottleneck Bandwidth and RTT)},
  year = {2021},
  month = {november},
  url = {https://wiki.geant.org/pages/releaseview.action?pageId=121340614}
}

@misc{tang24BBRns3,
  author       = {Linchuan Tang},
  title        = {BBR Fairness Evaluation Using NS-3},
  howpublished = {arXiv preprint arXiv:2410.22560 [cs.NI]},
  year         = {2024},
  url          = {https://arxiv.org/abs/2410.22560v1}
}

@article{HArheeInjXuCUBIC,
author = {Ha, Sangtae and Rhee, Injong and Xu, Lisong},
title = {CUBIC: a new TCP-friendly high-speed TCP variant},
year = {2008},
issue_date = {July 2008},
publisher = {Association for Computing Machinery},
address = {New York, NY, USA},
volume = {42},
number = {5},
issn = {0163-5980},
url = {https://doi.org/10.1145/1400097.1400105},
doi = {10.1145/1400097.1400105},
journal = {SIGOPS Oper. Syst. Rev.},
month = jul,
pages = {64–74},
numpages = {11},
biburl = {https://dl.acm.org/doi/10.1145/1400097.1400105}
}

@book{tcpccCh5,
  author = {Larry Peterson and Lawrence Brakmo and Bruce Davie},
  publisher = {Systems Approach LLC},
  title = {TCP Congestion Control: A Systems Approach},
  license = {CC BY-NC-ND 4.0},
  year = {2022},
  url = {https://tcpcc.systemsapproach.org/index.html}
}

@misc{rfc2582,
    series =    {Request for Comments},
    number =    2582,
    howpublished =  {RFC 2582},
    publisher = {RFC Editor},
    doi =       {10.17487/RFC2582},
    url =       {https://www.rfc-editor.org/info/rfc2582},
    author =    {Tom Henderson and Sally Floyd},
    title =     {{The NewReno Modification to TCP's Fast Recovery Algorithm}},
    pagetotal = 12,
    year =      1999,
    month =     apr,
    day =       1,
    abstract =  {This document describes a specific algorithm for responding to partial acknowledgments, referred to as NewReno. This memo defines an Experimental Protocol for the Internet community.},
}

@article{DBLP:journals/corr/cs-NI-9809099,
  author       = {Raj Jain and
                  Dah{-}Ming Chiu and
                  W. Hawe},
  title        = {A Quantitative Measure Of Fairness And Discrimination For Resource
                  Allocation In Shared Computer Systems},
  journal      = {CoRR},
  volume       = {cs.NI/9809099},
  year         = {1998},
  url          = {https://arxiv.org/abs/cs/9809099},
  timestamp    = {Fri, 10 Jan 2020 12:58:19 +0100},
  biburl       = {https://dblp.org/rec/journals/corr/cs-NI-9809099.bib},
  bibsource    = {dblp computer science bibliography, https://dblp.org}
}

@book{kr22,
   author = {James F.Kurose, Keith W.Ross},
   year = {2022},
   title = {Computer Networking: A Top-Down Approach},
   publisher = {Pearson},
   address = {London},
   edition = {8th},
   isbn = {ISBN 978-0-13-668155-7}
   
}

@misc{rfc793,
   author = {Jon Postel},
   year = {1981}, 
   title = {transmission control protocol},
   institution = {Information Sciences Institute, University of Southern California},
   address = {Marina Del Rey, California},
   number = {RFC793},
   url = {https://datatracker.ietf.org/doc/html/rfc793}

}

@article{cardwell2016bbr,
  author  = {Neal Cardwell and Yuchung Cheng and C. Stephen Gunn and Soheil Hassas Yeganeh and Van Jacobson},
  title   = {BBR: Congestion-Based Congestion Control: Measuring Bottleneck Bandwidth and Round-Trip Propagation Time},
  publisher = {ACM},
  journal = {Queue},
  volume  = {14},
  number  = {5},
  year    = {2016},
  url     = {https://queue.acm.org/detail.cfm?id=3022184}
}


